<?xml version="1.0" encoding="UTF-8"?><collection xmlns="http://www.loc.gov/MARC21/slim"><record><leader>00557nam--2200193-i-4500</leader><controlfield tag="001">000043898</controlfield><controlfield tag="002">20161230</controlfield><controlfield tag="005">20161230201044</controlfield><controlfield tag="008">060222s1000------------r-----000-0-rum-d</controlfield><datafield ind1=" " ind2=" " tag="040"><subfield code="a">IFIN-HH</subfield></datafield><datafield ind1=" " ind2=" " tag="041"><subfield code="a">rum</subfield></datafield><datafield ind1=" " ind2=" " tag="080"><subfield code="a">513.83:539.12:519.4</subfield></datafield><datafield ind1="1" ind2=" " tag="100"><subfield code="a">Teleman, Costache</subfield></datafield><datafield ind1="1" ind2="0" tag="245"><subfield code="a">Elemente de teoria grupurilor cu aplixatii sin topologie si fizica</subfield><subfield code="c">Costache teleman, mihaela teleman</subfield></datafield><datafield ind1=" " ind2=" " tag="260"><subfield code="a">Bucuresti</subfield><subfield code="b">Editura Stiintifica</subfield><subfield code="c">1973</subfield></datafield><datafield ind1=" " ind2=" " tag="300"><subfield code="a">334P</subfield></datafield><datafield ind1="1" ind2=" " tag="700"><subfield code="a">Teleman, Mihaela</subfield></datafield><datafield ind1=" " ind2=" " tag="852"><subfield code="a">40245</subfield><subfield code="c">519.4/5</subfield></datafield><datafield ind1=" " ind2=" " tag="CAT"><subfield code="a">Sys</subfield><subfield code="c">20130813</subfield><subfield code="h">130155</subfield></datafield></record></collection>